%% This BibTeX bibliography file was created using BibDesk.
%% http://bibdesk.sourceforge.net/

%% Created for Stefano at 2017-11-30 23:20:42 +0100 


%% Saved with string encoding Unicode (UTF-8) 



@electronic{androidPolice,
	Author = {AndroidPolice},
	Date-Added = {2017-11-24 21:23:48 +0000},
	Date-Modified = {2017-11-24 22:41:17 +0000},
	Title = {Google Assistant promoting "Beaty and the Beast},
	Url = {http://www.androidpolice.com/2017/03/16/google-assistant-promoting-beauty-and-the-beast/},
	Year = {2017},
	Bdsk-Url-1 = {http://www.androidpolice.com/2017/03/16/google-assistant-promoting-beauty-and-the-beast/}}

@electronic{juniper,
	Author = {Juniper Research},
	Date-Added = {2017-11-24 21:23:48 +0000},
	Date-Modified = {2017-11-24 22:41:17 +0000},
	Title = {Amazon Echo & Google Home To Reside In Over 50% Of Us Households By 2022, As Multi-Assistant Devices Take Off},
	Url = {https://www.juniperresearch.com/press/press-releases/amazon-echo-google-home-to-reside},
	Year = {2017},
	Bdsk-Url-1 = {https://www.juniperresearch.com/press/press-releases/amazon-echo-google-home-to-reside}}

@electronic{whatis,
	Author = {WhatIs},
	Date-Added = {2017-11-24 21:23:48 +0000},
	Date-Modified = {2017-11-24 22:41:17 +0000},
	Title = {Definition: voice assistant},
	Url = {http://whatis.techtarget.com/definition/voice-assistant},
	Year = {2017},
	Bdsk-Url-1 = {http://whatis.techtarget.com/definition/voice-assistant}}

@article{latour1992,
	Author = {Latour, B.},
	Date-Added = {2017-11-25 14:48:41 +0000},
	Date-Modified = {2017-11-25 14:55:15 +0000},
	Editor = {Wiebe Bijker and John Law},
	Pages = {225--258},
	Title = {Where Are the Missing Masses? The Sociology of a Few Mundane Artifacts},
	Volume = {Shaping Technology-Building Society: Studies in Sociotechnical Change},
	Year = {1992}}

@electronic{recode,
	Author = {Recode},
	Date-Added = {2017-11-25 09:57:29 +0000},
	Date-Modified = {2017-11-25 09:59:27 +0000},
	Title = {Google Assistant e-commerce revenue},
	Url = {https://www.recode.net/2017/5/23/15681596/google-assistant-ecommerce-revenue},
	Year = {2017},
	Bdsk-Url-1 = {https://www.recode.net/2017/5/23/15681596/google-assistant-ecommerce-revenue}}

@electronic{googleactions,
	Author = {Google},
	Date-Added = {2017-11-24 21:23:48 +0000},
	Date-Modified = {2017-11-24 22:41:17 +0000},
	Title = {Actions On Google Developers Documentation},
	Url = {https://developers.google.com/actions/},
	Year = {2017},
	Bdsk-Url-1 = {https://developers.google.com/actions/}}

@article{brey2006ethical,
	Author = {Brey, Philip},
	Journal = {User Behavior and Technology Development},
	Pages = {357--364},
	Publisher = {Springer},
	Title = {Ethical aspects of behavior-steering technology},
	Year = {2006}}

@article{brey2005freedom,
	Author = {Brey, Philip},
	Journal = {Ethics and Information Technology},
	Number = {3},
	Pages = {157--166},
	Publisher = {Springer},
	Title = {Freedom and privacy in ambient intelligence},
	Volume = {7},
	Year = {2005}}

@book{verbeek2011moralizing,
	Author = {Verbeek, Peter-Paul},
	Publisher = {University of Chicago Press},
	Title = {Moralizing technology: Understanding and designing the morality of things},
	Year = {2011}}
